@preamble{"\newcommand{\SortNoop}[1]{}"}

@inproceedings{lasersohn1996adnominal,
	title={Adnominal Conditionals},
	author={Peter Lasersohn},
	year={1996},
	booktitle={Proceedings of {SALT VI}}
}

@incollection{franaappearmodality,
      	title={Modality in the Nominal Domain The Case of Adnominal Conditionals},
      	author={Ilaria Frana},
	year={{to appear}},
	booktitle={Modality Across Syntactic Categories}
}

@unpublished{finteliatridou2002if,
	author ={{\SortNoop{Fintel}}von Fintel, Kai and Iatridou, Sabine},
	title = {If and when `if'-clauses can restrict quantifiers},
	year = {2002},
	note = {Unpublished manuscript. Written for the Workshop in Philosophy and Linguistics at the University of Michigan, November 8â€“10, 2002},
	url = {http://mit.edu/fintel/fintel-iatridou-2002-ifwhen.pdf}
}

@phdthesis{huitink2008diss,
	author = {Janneke Huitink},
	title = {Modals, Conditionals and Compositionality},
	year = {2008},
	school = {Radboud Universiteit Nijmegen}
}

@unpublished{fintelgilliesinprep,
	author = {{\SortNoop{Fintel}}von Fintel, Kai and Gillies, Anthony},
	title = {Hedging your `if's and vice versa},
	year = {2014},
	pubstate = {inpreparation}
}
