
@incollection{kratzer_building_2004,
	title = {Building Resultatives},
	booktitle = {Event Arguments in Syntax Semantics and Discourse},
	author = {Kratzer, Angelika},
	editor = {Maienborn, Claudia and Wöllstein-Leisten, Angelika},
	year = {2004}
}

@article{idsardi_clarifying_2000,
	title = {Clarifying opacity},
	volume = {17},
	number = {2/4},
	journal = {Linguistic review},
	author = {Idsardi, William J},
	year = {2000},
	pages = {337–350}
}

@incollection{samuels_minimalist_2011,
	address = {{USA}},
	title = {A minimalist program for phonology},
	booktitle = {The Oxford Handbook of Linguistic Minimalism},
	publisher = {Oxford University Press},
	author = {Samuels, Bridget},
	editor = {Boeckx, Cedric},
	year = {2011}
}

@article{hinterholzl_phase-based_2009,
	title = {A Phase-Based Comparative Approach to Modification and Word Order in Germanic},
	volume = {12},
	number = {3},
	journal = {Syntax},
	author = {Hinterhölzl, R.},
	year = {2009},
	pages = {242–284}
}

@phdthesis{milway_pulling_2013,
	title = {Pulling up grounds and holding figures back: On the syntax and semantics of ground promotion and figure retention particle verbs},
	school = {University of Toronto},
	author = {Milway, Daniel},
	year = {2013}
}

@book{chomsky_derivation_2001,
	title = {Derivation by phase. Ken Hale: A life in language, ed. by Michael Kenstowicz, 1-52},
	publisher = {Cambridge, {MA}: {MIT} Press},
	author = {Chomsky, Noam},
	year = {2001}
}

@article{larson_double_1988,
	title = {On the double object construction},
	volume = {19},
	number = {3},
	journal = {Linguistic inquiry},
	author = {Larson, Richard K.},
	year = {1988},
	pages = {335–391}
}

@inproceedings{deal_property-type_2007,
	title = {Property-type objects and modal embedding},
	booktitle = {Sinn und Bedeutung 12},
	author = {Deal, Amy Rose},
	year = {2007}
}

@book{charney_grammar_1993,
	address = {Lincoln},
	title = {A Grammar of Comanche},
	publisher = {University of Nebraska Press},
	author = {Charney, Jean Ormsbee},
	year = {1993},
	keywords = {Comanche}
}

@phdthesis{lam_cartography_2013,
	title = {The cartography of spatial adpositional phrases in Mandarin and Cantonese},
	school = {Università Ca'Foscari Venezia},
	author = {Lam, Chi Fung},
	year = {2013}
}

@incollection{levin_unpredicated_2007,
	title = {Unpredicated particles},
	booktitle = {{REDPILL} (Reality exploration and discovery: Pattern interaction in language and life)},
	publisher = {{CSLI} Publications},
	author = {Levin, Beth and Sells, Peter},
	editor = {Hee Wee, Lian and Linda, Uyechi},
	year = {2007}
}

@article{pollock_verb_1989,
	title = {Verb movement, Universal Grammar, and the structure of {IP}},
	volume = {20},
	number = {3},
	journal = {Linguistic inquiry},
	author = {Pollock, Jean-Yves},
	year = {1989},
	pages = {365–424}
}

@incollection{kayne_principles_1985,
	address = {Dordrecht},
	title = {Principles of particle constructions},
	booktitle = {Grammatical Representations},
	publisher = {Foris},
	author = {Kayne, Richard S.},
	editor = {Guéron, J. and Obenauer, H.-G. and Pollock, J.-Y.},
	year = {1985}
}

@book{roberts_agreement_2010,
	title = {Agreement and head movement: Clitics, incorporation, and defective goals},
	volume = {59},
	publisher = {{MIT} Press},
	author = {Roberts, Ian},
	year = {2010}
}

@article{buckler_word-level_2012,
	title = {Word-level affixes trigger stem-level cycles: evidence from German dorsal fricatives},
	journal = {20th Manchester Phonology Meeting},
	author = {Buckler, Helen and Bermúdez-Otero, Ricardo},
	year = {2012}
}

@article{roberts_excorporation_1991,
	title = {Excorporation and Minimality},
	volume = {22},
	copyright = {Copyright {\textbackslash}textbackslashcopyright 1991 The {MIT} Press},
	issn = {00243892},
	url = {http://www.jstor.org/stable/4178716},
	language = {English},
	number = {1},
	journal = {Linguistic Inquiry},
	author = {Roberts, Ian},
	year = {1991},
	pages = {–209}
}

@phdthesis{bejar_phi-syntax:_2003,
	title = {Phi-syntax: A theory of agreement},
	school = {University of Toronto},
	author = {Béjar, S.},
	year = {2003}
}

@article{bruening_ditransitive_2010,
	title = {Ditransitive Asymmetries and a Theory of Idiom Formation},
	volume = {41},
	number = {4},
	journal = {Linguistic Inquiry},
	author = {Bruening, Benjamin},
	year = {2010},
	pages = {519–562}
}

@book{bermudez-otero_stratal_????,
	address = {Oxford},
	title = {Stratal Optimality Theory},
	publisher = {Oxford University Press},
	author = {Bermúdez-Otero, Ricardo}
}

@article{jackendoff_proper_1996,
	title = {The proper treatment of measuring out, telicity, and perhaps even quantification in English},
	volume = {14},
	number = {2},
	journal = {Natural Language \& Linguistic Theory},
	author = {Jackendoff, Ray},
	year = {1996},
	pages = {305–354}
}

@book{carnie_syntax:_2007,
	edition = {2},
	title = {Syntax: A generative introduction},
	publisher = {Blackwell},
	author = {Carnie, Andrew},
	year = {2007}
}

@book{chomsky_minimalist_1995,
	title = {The minimalist program},
	volume = {28},
	publisher = {Cambridge Univ Press},
	author = {Chomsky, Noam},
	year = {1995}
}

@phdthesis{milway_pulling_2013-1,
	title = {Pulling up grounds and holding figures back: On the syntax and semantics of ground promotion and figure retention particle verbs},
	school = {University of Toronto},
	author = {Milway, Daniel},
	year = {2013}
}

@article{stepanov_late_2001,
	title = {Late Adjunction and Minimalist Phrase Structure},
	volume = {4},
	number = {2},
	journal = {Syntax},
	author = {Stepanov, Arthur},
	year = {2001},
	pages = {94–125}
}

@article{zeller_how_2001,
	title = {How syntax restricts the lexicon: particle verbs and internal arguments},
	journal = {Linguistische Berichte},
	author = {Zeller, Jochen},
	year = {2001},
	pages = {459–492}
}

@article{shimada_head_2007,
	title = {Head movement, binding theory, and phrase structure},
	journal = {{MS}. {MIT}},
	author = {Shimada, Junri},
	year = {2007}
}

@article{cummins_modular_2005,
	title = {A modular account of null objects in French},
	volume = {8},
	number = {1},
	journal = {Syntax},
	author = {Cummins, Sarah and Roberge, Yves},
	year = {2005},
	pages = {44–64}
}

@techreport{bury_particles_2002,
	title = {Particles, V2 and the ungrammaticality of verb-initial structures},
	institution = {{UCL} Working Papers in Linguistics},
	author = {Bury, Dirk},
	year = {2002}
}

@article{farrell_null_1990,
	title = {Null objects in Brazilian Portuguese},
	volume = {8},
	number = {3},
	journal = {Natural Language \& Linguistic Theory},
	author = {Farrell, Patrick},
	year = {1990},
	pages = {325–346}
}

@article{carrier_argument_1992,
	title = {The argument structure and syntactic structure of resultatives},
	volume = {23},
	journal = {Linguistic inquiry},
	author = {Carrier, Jill and Randall, Janet H},
	year = {1992},
	pages = {173–234}
}

@article{postal_antipassive_1977,
	title = {Antipassive in French},
	volume = {1},
	journal = {Lingvisticae Investigationes: Revue Internationale de Linguistique Francaise et de Linguistique Generale},
	author = {Postal, Paul},
	year = {1977},
	pages = {333–77}
}

@book{chomsky_syntactic_1957,
	address = {Berlin},
	title = {Syntactic Structures},
	publisher = {De Gruyter},
	author = {Chomsky, Noam},
	year = {1957}
}

@article{spreng_conditions_2010,
	title = {On the Conditions for Antipassives},
	volume = {4},
	number = {7},
	journal = {Language and Linguistics Compass},
	author = {Spreng, Bettina},
	year = {2010},
	pages = {556–575}
}

@inproceedings{newell_bracketing_2005,
	title = {Bracketing Paradoxes and Particle Verbs: A late Adjunction Analysis},
	booktitle = {Proceedings of Console {XIII}},
	publisher = {University of Leiden},
	author = {Newell, Heather},
	editor = {Blaho, Sylvia and Vicente, Luis and Schoorlemmer, Erik},
	year = {2005}
}

@book{wade_comprehensive_1992,
	address = {Oxford},
	title = {A Comprehensive Russian Grammar},
	publisher = {Blackwell},
	author = {Wade, Terence},
	year = {1992}
}

@phdthesis{milway_pulling_2013-2,
	title = {Pulling up grounds and holding figures back: On the syntax and semantics of ground promotion and figure retention particle verbs},
	school = {University of Toronto},
	author = {Milway, Daniel},
	year = {2013}
}

@incollection{hayes_phonological_2004,
	address = {Cambridge, {UK}},
	title = {Phonological acquisition in Optimality Theory: the early stages},
	booktitle = {Constraints in phonological acquisition},
	publisher = {Cambridge University Press},
	author = {Hayes, Bruce},
	editor = {Kager, René and Pater, Joe and Zonneveld, Wim},
	year = {2004},
	pages = {158–203}
}

@article{dowty_thematic_1991,
	title = {Thematic proto-roles and argument selection},
	journal = {Language},
	author = {Dowty, David},
	year = {1991},
	pages = {547–619}
}

@inproceedings{heath_antipassivization:_1976,
	address = {Berkeley},
	title = {Antipassivization: a functional typology},
	booktitle = {Proceedings of the Second Annual Meeting of the Berkeley Linguistics Society},
	publisher = {University of California},
	author = {Heath, J.},
	year = {1976},
	pages = {202–11}
}

@article{johnson_object_1991,
	title = {Object Positions},
	volume = {9},
	journal = {Natural Language and Linguistic Theory},
	author = {Johnson, Kyle},
	year = {1991},
	pages = {577–636}
}

@book{lopez_derivational_2009,
	address = {Oxford},
	series = {Oxford Studies in Theoretical Linguistics},
	title = {A Derivational Syntax for Information Structure},
	publisher = {Oxford University Press},
	author = {Lopez, Luiz},
	year = {2009}
}

@book{hagege_adpositions_2010,
	address = {Oxford},
	title = {Adpositions},
	publisher = {Oxford University Press},
	author = {Hagège, Claude},
	year = {2010}
}

@inproceedings{harley_state---article:_1999,
	title = {State-of-the-Article: Distributed Morphology},
	booktitle = {{IN} {CLAHSEN}},
	author = {Harley, Heidi and Noyer, Rolf},
	year = {1999},
	pages = {3–9}
}

@unpublished{milway_pulling_2013-3,
	title = {Pulling up Grounds and holding figures back: On the syntax and semantics of ground promotion and figure retention particle verbs},
	author = {Milway, Daniel},
	year = {2013},
	note = {{MA} Forum Paper, University of Toronto}
}

@article{prince_learning_2004,
	title = {Learning phonotactic distributions},
	journal = {Constraints in phonological acquisition},
	author = {Prince, Alan and Tesar, Bruce},
	year = {2004},
	pages = {245–291}
}

@article{ott_diminutive-formation_2011,
	title = {Diminutive-formation in German: Spelling out the classifier analysis},
	volume = {14},
	journal = {Journal of Comparative German Linguistics},
	author = {Ott, Dennis},
	year = {2011},
	pages = {1–46}
}

@book{dikken_particles:_1995,
	title = {Particles: On the syntax of verb-particle, triadic, and causative constructions},
	publisher = {Oxford University Press, {USA}},
	author = {Dikken, Marcel den},
	year = {1995}
}

@article{embick_architecture_2008,
	title = {Architecture and blocking},
	volume = {39},
	number = {1},
	journal = {Linguistic Inquiry},
	author = {Embick, David and Marantz, Alec},
	year = {2008},
	pages = {1–53}
}

@book{zeller_particle_2001,
	title = {Particle verbs and local domains},
	volume = {41},
	publisher = {John Benjamins Publishing Company},
	author = {Zeller, Jochen},
	year = {2001}
}

@book{derbyshire_handbook_1998,
	title = {Handbook of Amazonian languages},
	volume = {4},
	publisher = {Walter de Gruyter},
	author = {Derbyshire, Desmond C and Pullum, Geoffrey K},
	year = {1998}
}

@article{zwarts_vector_2000,
	title = {Vector Space Semantics: A Model-Theoretic Analysis of Locative Prepositions},
	volume = {9},
	journal = {Journal of Logic, Language, and Information},
	author = {Zwarts, Joost and Winter, Yoad},
	year = {2000},
	pages = {169–211}
}

@phdthesis{newell_aspects_2008,
	title = {Aspects of the morphology and phonology of phases},
	school = {{McGill} University},
	author = {Newell, Heather},
	year = {2008}
}

@inproceedings{svenonius_limits_2003,
	title = {Limits on P: filling in holes vs. falling in holes},
	booktitle = {Nordlyd 31.2},
	publisher = {University of Tromsø},
	author = {Svenonius, Peter},
	editor = {Dahl, Anne and Bentzen, Kristine and Svenonius, Peter},
	year = {2003},
	pages = {431–445}
}

@book{elbourne_situations_2005,
	title = {Situations and individuals},
	volume = {90},
	publisher = {{MIT} Press Cambridge, {MA}},
	author = {Elbourne, Paul D},
	year = {2005}
}

@article{kratzer_phase_2007,
	title = {Phase theory and prosodic spellout: The case of verbs},
	volume = {24},
	issn = {0167-6318},
	number = {2/3},
	journal = {Linguistic Review},
	author = {Kratzer, Angelika and Selkirk, Elisabeth},
	year = {2007},
	pages = {93}
}

@book{kayne_antisymmetry_1994,
	address = {Cambridge, {MA}},
	title = {The Antisymmetry of Syntax},
	publisher = {{MIT} Press},
	author = {Kayne, Richard},
	year = {1994}
}

@phdthesis{lebeaux_language_1988,
	title = {Language acquisition and the Form of the Grammar},
	school = {University of Massachusetts, Amherst},
	author = {Lebeaux, David},
	year = {1988}
}

@book{rizzi_relativized_1990,
	address = {Cambridge, {MA}},
	title = {Relativized Minimality},
	publisher = {{MIT} Press},
	author = {Rizzi, Luigi},
	year = {1990}
}

@article{aronoff_restricting_2002,
	title = {Restricting Suffix Combinations in German and English: Closing Suffixes and the Monosuffix Constraint},
	volume = {20},
	number = {3},
	journal = {Natural Language \& Linguistic Theory},
	author = {Aronoff, Mark and Fuhrhop, Nanna},
	year = {2002},
	pages = {451–490}
}

@inproceedings{bermudez-otero_acquisition_2003,
	title = {The acquisition of phonological opacity},
	booktitle = {Variation within Optimality Theory: Proceedings of the Stockholm Workshop {onVariation} within Optimality Theory},
	author = {Bermúdez-Otero, Ricardo},
	year = {2003},
	pages = {25–36}
}

@book{center_for_history_and_new_media_zotero_????,
	title = {Zotero Quick Start Guide},
	url = {http://zotero.org/support/quick_start_guide},
	author = {{Center for History and New Media}},
	annote = {Welcome to Zotero!View the Quick Start Guide to learn how to begin collecting, managing, citing, and sharing your research sources.Thanks for installing Zotero.}
}

@article{oya_ground_2009,
	title = {Ground arguments in German particle verbs: a comparison with Dutch and English},
	volume = {21},
	number = {03},
	journal = {Journal of Germanic Linguistics},
	author = {Oya, Toshiaki},
	year = {2009},
	pages = {257–296}
}

@book{roberts_appear._????,
	title = {to appear. Head movement and the Minimalist Program},
	publisher = {Oxford: Oxford University Press},
	author = {Roberts, Ian}
}

@article{harley_external_2012,
	title = {External arguments and the Mirror Principle: On the distinctness of Voice and v},
	journal = {Lingua},
	author = {Harley, Heidi},
	year = {2012}
}

@book{ludeling_particle_2001,
	address = {Stanford},
	title = {On particle verbs and similar constructions in German},
	isbn = {1575863022},
	publisher = {Center for the Study of Language and Information},
	author = {Lüdeling, Anke},
	year = {2001}
}

@article{baker_mirror_1985,
	title = {The Mirror Principle and morphosyntactic explanation},
	volume = {16},
	number = {3},
	journal = {Linguistic inquiry},
	author = {Baker, Mark},
	year = {1985},
	pages = {373–415}
}

@article{ogrady_syntax_1998,
	title = {The Syntax of Idioms},
	volume = {16},
	journal = {Natural Language and Linguistic Theory},
	author = {O'Grady, William},
	year = {1998},
	pages = {279–312}
}

@book{prince_optimality_2008,
	title = {Optimality Theory: Constraint interaction in generative grammar},
	publisher = {Wiley. com},
	author = {Prince, Alan and Smolensky, Paul},
	year = {2008}
}

@article{tomioka_semantics_2003,
	title = {The semantics of Japanese null pronouns and its cross-linguistic implications},
	number = {61},
	journal = {The interfaces: Deriving and interpreting omitted structures},
	author = {Tomioka, Satoshi},
	year = {2003},
	pages = {321}
}

@article{harley_distributed_1999,
	title = {Distributed morphology},
	volume = {4},
	number = {4},
	journal = {Glot International},
	author = {Harley, Heidi and Noyer, Rolf},
	year = {1999},
	pages = {3–9}
}

@incollection{svenonius_spatial_2010,
	title = {Spatial P in English},
	volume = {6},
	booktitle = {Cartography of Syntactic Structures},
	publisher = {Oxford University Press},
	author = {Svenonius, Peter},
	editor = {Cinque, Guglielmo and Rizzi, Luigi},
	year = {2010}
}

@book{carnie_syntax:_2002,
	title = {Syntax: A generative introduction},
	publisher = {Blackwell Publishers Malden, Oxford},
	author = {Carnie, A.},
	year = {2002}
}

@incollection{kratzer_situations_2011,
	title = {Situations in Natural Language Semantics},
	booktitle = {The Stanford Encyclopedia of Philosophy},
	author = {Kratzer, Angelika},
	editor = {Zalta, Edward N.},
	year = {2011},
	note = {{URL}=\${\textbackslash}textless\$http://plato.stanford.edu/archives/fall2011/entries/situations-semantics/\${\textbackslash}textgreater\$}
}

@book{cinque_adverbs_1999,
	title = {Adverbs and functional heads: A cross-linguistic perspective},
	publisher = {Oxford University Press, {USA}},
	author = {Cinque, Guglielmo},
	year = {1999}
}

@inproceedings{remberger_left_2010,
	title = {Left Peripheral Interactions in Romance},
	booktitle = {Talk at the workshop on" Focus, Contrast and Givenness in Interaction with Extraction and Deletion", Tübingen, {SFB}},
	author = {Remberger, Eva-Maria},
	year = {2010},
	pages = {833–7}
}

@unpublished{oxford_contrast_2011,
	title = {Contrast shift in the evolution of algonquian vowel systems},
	author = {Oxford, Will},
	year = {2011},
	note = {{PhD} Generals Paper, University of Toronto.}
}

@article{von_heusinger_specificity_2002,
	title = {Specificity and definiteness in sentence and discourse structure},
	volume = {19},
	number = {3},
	journal = {Journal of Semantics},
	author = {Von Heusinger, K.},
	year = {2002},
	pages = {245–274}
}

@article{lestrade_distribution_2011,
	title = {The distribution of labor between adpositions and case within complex spatial {PPs}},
	volume = {64},
	number = {3},
	journal = {Sprachtypologie und Universalienforschung ({STUF})},
	author = {Lestrade, Sander and Schepper, Kees de and Zwarts, Joost},
	year = {2011},
	pages = {256–274}
}

@article{carlson_generic_1982,
	title = {Generic terms and generic sentences},
	volume = {11},
	journal = {Journal of Philosophical Logic},
	author = {Carlson, Greg N.},
	year = {1982},
	pages = {145–181}
}

@incollection{besten_interaction_1983,
	address = {Amsterdam},
	title = {On the interaction of root transformations and lexical deletive rules},
	booktitle = {On the Formal Syntax of the Westgermania},
	publisher = {Benjamins},
	author = {Besten, Hans den},
	editor = {Abraham, Werner},
	year = {1983}
}

@inproceedings{deal_antipassives_2007,
	address = {Amherst},
	title = {Antipassives and indefinite objects in Nez Perce},
	booktitle = {Proceedings of {SULA} 4},
	publisher = {{GLSA}},
	author = {Deal, Amy Rose},
	editor = {Deal, A. R.},
	year = {2007},
	pages = {35–47}
}

@book{embick_localism_2010,
	series = {Linguistic Inquiry Monographs},
	title = {Localism Versus Globalism in Morphology and Phonology},
	isbn = {9780262514309},
	url = {http://books.google.ca/books?id=Qn4aQwAACAAJ},
	publisher = {The {MIT} Press},
	author = {Embick, D.},
	year = {2010}
}

@article{vendler_verbs_1957,
	title = {Verbs and Times},
	volume = {66},
	number = {2},
	journal = {The Philosophical Review},
	author = {Vendler, Zeno},
	year = {1957},
	pages = {143–160}
}

@phdthesis{hinrichs_compositional_1985,
	title = {A Compositional Semantics for Aktionsarten and {NP} Reference in English},
	school = {Ohio State University},
	author = {Hinrichs, Erhard},
	year = {1985}
}

@book{ramchand_verb_2008,
	address = {Cambridge, {UK}},
	title = {Verb Meaning and the Lexicon},
	publisher = {Cambridge University Press},
	author = {Ramchand, Gillian},
	year = {2008}
}

@unpublished{zwarts_event_2006,
	title = {Event shape: Paths in the semantics of verbs},
	author = {Zwarts, Joost},
	year = {2006},
	note = {Paper presented at the Workshop on the geometric structure of events, Konstanz October 7-8, 2004}
}

@article{shlonsky_cartographic_2010,
	title = {The cartographic enterprise in syntax},
	volume = {4},
	number = {6},
	journal = {Language and Linguistics Compass},
	author = {Shlonsky, Ur},
	year = {2010},
	pages = {417–429}
}

@book{parsons_events_1990,
	address = {Cambridge, {MA}},
	title = {Events in the Semantics of English: A Study in Subatomic Semantics},
	publisher = {{MIT} Press},
	author = {Parsons, Terence},
	year = {1990}
}

@article{lobner_german_1989,
	title = {German {\textbackslash}textbackslashemphschon – erst – noch: An integrated analysis},
	volume = {12},
	number = {2},
	journal = {Linguistics and philosophy},
	author = {Löbner, Sebastian},
	year = {1989},
	pages = {167–212}
}

@inproceedings{zwarts_case_2005,
	title = {The case of prepositions: Government and compositionality in German {PPs}},
	booktitle = {21st Annual Meeting of the Israel Association for Theoretical Linguistics, Haifa},
	author = {Zwarts, Joost},
	year = {2005}
}

@inproceedings{lam_cantonese_2011,
	title = {The Cantonese {PLACE} Classifiers min and dou in Spatial {PPs}},
	booktitle = {Proceeding of Glow in Asia Workshop for Young Scholars},
	author = {Lam, Chi-Fung},
	year = {2011}
}

@unpublished{craioveanu_non-agreement_2014,
	title = {A non-agreement analysis of Harari long-distance V-C palatalization},
	author = {Craioveanu, Radu and Godfrey, Ross},
	year = {2014},
	note = {Poster to be presented at the Conference on Agreement by Correspondence}
}

@article{biskup_german_2010,
	title = {German Particle and Prefix Verbs at the Syntax-Phonology Interface.},
	journal = {Leuvense Bijdragen (to appear)},
	author = {Biskup, Petr and Putnam, Michael and Smith, Laura Catherine},
	year = {2010}
}

@inproceedings{marantz_no_1997,
	title = {No Escape from Syntax: Don't Try Morphological Analysis in the Privacy of Your Own Lexicon},
	booktitle = {Proceedings of the 21st Annual Penn Linguistics Colloquium},
	author = {Marantz, Alec},
	editor = {Dimitriadis, Alexis and Siegel, Laura and Surek-Clark, Clarissa and Williams, Alexander},
	year = {1997},
	pages = {201–225}
}

@phdthesis{richards_object_2004,
	title = {Object shift and scrambling in North and West Germanic: A case study in symmetrical syntax},
	school = {University of Cambridge},
	author = {Richards, M.},
	year = {2004}
}

@unpublished{caha_case_2011,
	title = {Case in adpositional phrases},
	author = {Caha, Pavel},
	year = {2011},
	note = {Ms, {CASTL}}
}

@book{dahlstrom_topic_1995,
	address = {Winnipeg},
	title = {Topic, Focus and other word order problems in Algonquian},
	publisher = {Voices of Rupert's Land},
	author = {Dahlstrom, Amy},
	year = {1995}
}

@phdthesis{mackenzie_contrast_2009,
	title = {Contrast and Similarity in Consonant Harmony Processes},
	school = {University of Toronto},
	author = {Mackenzie, Sara},
	year = {2009}
}

@article{maienborn_position_2001,
	title = {On The Position and Interpretation of Locative Modifiers},
	volume = {9},
	number = {2},
	journal = {Natural Language Semantics},
	author = {Maienborn, Claudia},
	year = {2001},
	pages = {191—240}
}

@book{heim_semantics_1998,
	title = {Semantics in generative grammar},
	volume = {13},
	publisher = {Blackwell Oxford},
	author = {Heim, Irene and Kratzer, Angelika},
	year = {1998}
}

@article{rose_typology_2004,
	title = {A typology of consonant agreement as correspondence},
	volume = {80},
	number = {3},
	journal = {Language},
	author = {Rose, Sharon and Walker, Rachel},
	year = {2004},
	pages = {475–531}
}

@article{legate_morphological_2008,
	title = {Morphological and Abstract Case},
	volume = {39},
	number = {1},
	journal = {Linguistic Inquiry},
	author = {Legate, Julie Anne},
	year = {2008},
	pages = {55–101}
}

@article{plank_why*-ling-?_2012,
	title = {Why*-ling-in? The pertinacity of a wrong gender},
	volume = {22},
	number = {2},
	journal = {Morphology},
	author = {Plank, Frans},
	year = {2012},
	pages = {277–292}
}

@article{rose_long-distance_2004,
	title = {Long-distance vowel-consonant agreement in Harari},
	volume = {25},
	journal = {Journal of African Languages and Linguistics},
	author = {Rose, Sharon},
	year = {2004},
	pages = {41–88}
}

@article{mcintyre_particle_2007,
	title = {Particle verbs and argument structure},
	volume = {1},
	number = {4},
	journal = {Language and Linguistics Compass},
	author = {McIntyre, Andrew},
	year = {2007},
	pages = {350–367}
}

@phdthesis{arsenijevic_inner_2006,
	title = {Inner aspect and telicity: the decompositional and the quantificational nature of eventualities at the syntax-semantics interface},
	school = {Universitet Leiden},
	author = {Arsenijević, Boban},
	year = {2006}
}

@article{embick_voice_1998,
	title = {Voice systems and the syntax/morphology interface},
	volume = {32},
	journal = {{MIT} Working Papers in Linguistics},
	author = {Embick, D.},
	year = {1998},
	pages = {41–72}
}

@book{levin_argument_2005,
	address = {Cambridge},
	series = {Research Surveys in Linguistics},
	title = {Argument Realization},
	publisher = {Cambridge University Press},
	author = {Levin, Beth and Rappaport Hovav, Malka},
	year = {2005}
}

@book{borer_structuring_2005,
	title = {Structuring Sense: Volume {II}: The Normal Course of Events},
	volume = {2},
	publisher = {Oxford University Press, {USA}},
	author = {Borer, Hagit},
	year = {2005}
}

@article{roberge_transitivity_2002,
	title = {Transitivity requirement effects and the {EPP}},
	journal = {{WECOL}, Vancouver},
	author = {Roberge, Yves},
	year = {2002}
}

@article{haider_how_2005,
	title = {How to turn German into Icelandic–and derive the {OV}–{VO} contrasts},
	volume = {8},
	number = {1},
	journal = {The Journal of Comparative Germanic Linguistics},
	author = {Haider, H.},
	year = {2005},
	pages = {1–56}
}

@inproceedings{patel-grosz_typology_2010,
	title = {On the typology of donkeys: two types of anaphora resolution},
	volume = {14},
	booktitle = {Proceedings of Sinn und Bedeutung},
	author = {Patel-Grosz, Pritty and Grosz, Patrick},
	year = {2010},
	pages = {339–355}
}

@incollection{travis_event_2000,
	address = {Stanford},
	title = {Event structure in syntax},
	booktitle = {Events as Grammatical Objects},
	publisher = {{CSLI} Publications},
	author = {Travis, Lisa},
	editor = {Tenny, Carol and Pustejovsky, James},
	year = {2000}
}

@article{whitt_auditory_2009,
	title = {Auditory evidentiality in English and German: The case of perception verbs},
	volume = {119},
	number = {7},
	journal = {Lingua},
	author = {Whitt, Richard J},
	year = {2009},
	pages = {1083–1095}
}

@article{boersma_empirical_2001,
	title = {Empirical tests of the gradual learning algorithm},
	volume = {32},
	number = {1},
	journal = {Linguistic inquiry},
	author = {Boersma, Paul and Hayes, Bruce},
	year = {2001},
	pages = {45–86}
}

@article{hoeksema_head_1992,
	title = {The head parameter in morphology and syntax},
	volume = {2},
	journal = {Language and cognition},
	author = {Hoeksema, J.},
	year = {1992},
	pages = {119–32}
}

@book{jackendoff_semantics_1983,
	address = {Cambridge, {MA}},
	title = {Semantics and Cognition},
	publisher = {{MIT} Press},
	author = {Jackendoff, Ray},
	year = {1983}
}

@article{neeleman_balance_1993,
	title = {The balance between syntax and morphology: Dutch particles and resultatives},
	volume = {11},
	number = {3},
	journal = {Natural Language \& Linguistic Theory},
	author = {Neeleman, Ad and Weerman, Fred},
	year = {1993},
	pages = {433–475}
}

@article{bejar_cyclic_2009,
	title = {Cyclic Agree},
	volume = {40},
	number = {1},
	journal = {Linguistic Inquiry},
	author = {Béjar, Susana and Rezac, Milan},
	year = {2009},
	pages = {35–73}
}

@article{compton_word-formation_2010,
	title = {Word-formation by phase in Inuit},
	volume = {120},
	number = {9},
	journal = {Lingua},
	author = {Compton, Richard and Pittman, Christine},
	year = {2010},
	pages = {2167–2192}
}

@article{moren_consonantvowel_2006,
	title = {Consonant–vowel interactions in Serbian: Features representations and constraint interactions},
	volume = {116},
	journal = {Lingua},
	author = {Morén, Bruce},
	year = {2006},
	pages = {1198–1244}
}

@inproceedings{nilsen_v2_2002,
	title = {V2 and Holmberg's Generalization},
	booktitle = {Studies in comparative Germanic syntax: Proceedings from the 15th Workshop on Comparative Germanic Syntax},
	author = {Nilsen, Øystein},
	year = {2002},
	pages = {151–173}
}

@book{hale_prolegomenon_2002,
	address = {Cambridge, {MA}},
	title = {Prolegomenon to a Theory of Argument Structure},
	publisher = {{MIT} Press},
	author = {Hale, Ken and Keyser, Samuel Jay},
	year = {2002}
}

@article{heusinger_specificity_2002,
	title = {Specificity and definiteness in sentence and discourse structure},
	volume = {19},
	number = {3},
	journal = {Journal of Semantics},
	author = {Heusinger, Klaus von},
	year = {2002},
	pages = {245–274}
}

@incollection{huumo_introduction_2006,
	address = {Philadelphia {PA}},
	title = {An introduction to Finnish spatial relations: Local cases and adpositions},
	booktitle = {Grammar from the Human Perspective: Case, space and person in Finnish},
	publisher = {John Benjamins},
	author = {Huumo, Tuomas and Ojutkangas, Krista},
	editor = {Helasvuo, Marja-Liisa and Campbell, Lyle},
	year = {2006}
}

@article{van_valin_grammatical_1981,
	title = {Grammatical Relations in Ergative Languages},
	volume = {5},
	number = {3},
	journal = {Studies in Language},
	author = {van Valin, Jr., Robert D.},
	year = {1981},
	pages = {361–394}
}

@incollection{svenonius_emergence_2006,
	address = {Tromsø},
	title = {The emergence of axial parts},
	booktitle = {Nordlyd, special issue on Adpositions},
	publisher = {{CASTL}, University of Tromsø},
	author = {Svenonius, Peter},
	editor = {Svenonius, Peter and Pantcheva, Marina},
	year = {2006}
}

@article{grohmann_dynamic_2007,
	title = {Dynamic Stress Assignment},
	volume = {33},
	number = {3–4},
	journal = {Linguistic Analysis},
	author = {Grohmann, Kleanthes K. and Putnam, Michael},
	year = {2007},
	pages = {337–374}
}

@book{pylkkanen_introducing_2008,
	address = {Cambridge, {MA}.},
	title = {Introducing Arguments},
	publisher = {{MIT} Press},
	author = {Pylkkänen, Liina},
	year = {2008}
}

@article{holmberg_remarks_1999,
	title = {Remarks on Holmberg's generalization},
	volume = {53},
	number = {1},
	journal = {Studia linguistica},
	author = {Holmberg, Anders},
	year = {1999},
	pages = {1–39}
}

@article{bessell_local_1998,
	title = {Local and non-local consonant-vowel interaction in Interior Salish},
	volume = {15},
	number = {1},
	journal = {Phonology},
	author = {Bessell, Nicola J},
	year = {1998},
	pages = {1–40}
}

@book{priebsch_german_1958,
	address = {London},
	edition = {fourth},
	title = {The German Language},
	publisher = {Faber \& Faber},
	author = {Priebsch, R. and Collinson, W. E.},
	year = {1958}
}

@phdthesis{tenny_grammaticalizing_1987,
	title = {Grammaticalizing Aspect and Affectedness},
	school = {{MIT}},
	author = {Tenny, Carol},
	year = {1987}
}

@article{mahajan_ergatives_2012,
	title = {Ergatives, antipassives and the overt light v in Hindi},
	volume = {122},
	journal = {Lingua},
	author = {Mahajan, Anoop},
	year = {2012},
	pages = {204–214}
}

@phdthesis{spreng_viewpoint_2012,
	title = {Viewpoint Aspect in Inuktitut: The Syntax and Semantics of Antipassives},
	school = {University of Toronto},
	author = {Spreng, Bettina},
	year = {2012}
}

@incollection{basilico_antipassive_2012,
	title = {The Antipassive and its Relation to Scalar Structure},
	booktitle = {The End of Argument Structure?},
	publisher = {Emerald},
	author = {Basilico, David},
	editor = {Cuervo, María Cristina and Roberge, Yves},
	year = {2012},
	pages = {75–103}
}

@article{giannakidou_interpretation_1997,
	title = {On the interpretation of null indefinite objects in Greek},
	volume = {17},
	journal = {Studies in Greek Linguistics},
	author = {Giannakidou, Anastasia and Merchant, Jason},
	year = {1997},
	pages = {141–155}
}

@incollection{wurmbrand_merge_2012,
	address = {Amsterdam},
	title = {The Merge Condition: A syntactic approach to selection},
	booktitle = {To appear. Minimalism and Beyond: Radicalizing the interfaces},
	publisher = {John Benjamins},
	author = {Wurmbrand, S.},
	editor = {Kosta, Peter and Schürcks, Lilia and Franks, Steven and Radev-Bork, Teodora},
	year = {2012}
}

@incollection{embick_distributed_2007,
	title = {Distributed morphology and the syntax/morphology interface},
	booktitle = {The Oxford handbook of linguistic interfaces},
	author = {Embick, D. and Noyer, R.},
	editor = {Ramchand, G. and Reiss, C.},
	year = {2007},
	pages = {289–324}
}

@book{hornstein_understanding_2005,
	address = {New York},
	title = {Understanding Minimalism},
	publisher = {Cambridge University Press},
	author = {Hornstein, Norbert and Nunes, Jairo and Grohmann, Kleanthes K.},
	year = {2005}
}

@article{rezac_fine_2003,
	title = {The fine structure of cyclic Agree},
	volume = {6},
	journal = {Syntax},
	author = {Rezac, Milan},
	year = {2003},
	pages = {156–182}
}

@inproceedings{cowper_whereand_2009,
	title = {Where—and what—is number?},
	booktitle = {Proceedings of the 2009 annual conference of the Canadian Linguistic Association},
	author = {Cowper, Elizabeth and Hall, Daniel Currie},
	year = {2009}
}

@incollection{julien_relation_2007,
	title = {On the relation between morphology and syntax.},
	booktitle = {The Oxford Handbook of Linguistic Interfaces},
	publisher = {Oxford University Press},
	author = {Julien, Marit},
	editor = {Ramchand, Gillian and Reiss, Charles},
	year = {2007},
	pages = {209–238}
}

@book{dresher_contrastive_2009,
	title = {The contrastive hierarchy in phonology},
	volume = {121},
	publisher = {Cambridge University Press},
	author = {Dresher, B Elan},
	year = {2009}
}

@book{dehe_verb-particle_2002,
	address = {Berlin},
	series = {Interface Explorations},
	title = {Verb-Particle Explorations},
	volume = {1},
	publisher = {Mouton de Gruyter},
	editor = {Dehé, Nicole and Jackendoff, Ray and McIntyre, Andrew and Urban, Silke},
	year = {2002}
}

@article{janda_why_2013,
	title = {Why Russian aspectual prefixes aren't empty: prefixes as verb classifiers},
	number = {4},
	journal = {Вопросы языкознания},
	author = {Janda, LA and Endresen, A and Kuznetsova, J and Lyashevskaya, O and Makarova, A and Nesset, T and Sokolova, S},
	year = {2013},
	pages = {149–150}
}

@incollection{beyssade_bare_2011,
	series = {Lecture Notes in Computer Science},
	title = {Bare Nouns in Predicate Position in French},
	volume = {6700},
	isbn = {978-3-642-21489-9},
	url = {http://dx.doi.org/10.1007/978-3-642-21490-5_1},
	booktitle = {Logic and Grammar},
	publisher = {Springer Berlin Heidelberg},
	author = {Beyssade, Claire},
	editor = {Pogodalla, Sylvain and Quatrini, Myriam and Retoré, Christian},
	year = {2011},
	keywords = {bare noun, copular sentence, indefinite, property},
	pages = {1–16}
}

@phdthesis{hall_role_2007,
	title = {The Role and Representation of Contrast in Phonological Theory},
	school = {University of Toronto},
	author = {Hall, Daniel Currie},
	year = {2007}
}

@article{embick_features_2000,
	title = {Features, syntax, and categories in the Latin perfect},
	volume = {31},
	number = {2},
	journal = {Linguistic inquiry},
	author = {Embick, David},
	year = {2000},
	pages = {185–230}
}

@incollection{maddieson_consonant-vowel_2013,
	address = {Leipzig},
	title = {Consonant-Vowel Ratio},
	url = {http://wals.info/chapter/3},
	booktitle = {The World Atlas of Language Structures Online},
	publisher = {Max Planck Institute for Evolutionary Anthropology},
	author = {Maddieson, Ian},
	editor = {Dryer, Matthew S. and Haspelmath, Martin},
	year = {2013}
}

@inproceedings{wurmbrand_qr_2013,
	title = {{QR} and selection: Covert evidence for phasehood},
	volume = {42},
	booktitle = {Proceedings of the North Eastern Linguistics Society Annual Meeting},
	author = {Wurmbrand, Susi},
	year = {2013},
	note = {to appear}
}

@incollection{olsen_uber_1997,
	address = {Tübingen},
	title = {Über den lexikalischen Status englischer Partikelverben},
	booktitle = {Lexikalische Kategorien und Merkmale},
	publisher = {Max Niemeyer Verlag},
	author = {Olsen, Susan},
	editor = {Rauh, Elisabeth Löbel und Gisa},
	year = {1997}
}

@article{bakovic_revised_2007,
	title = {A revised typology of opaque generalizations},
	volume = {24},
	number = {2},
	journal = {Phonology},
	author = {Baković, Eric},
	year = {2007},
	pages = {217–259}
}

@incollection{silverstein_hierarchy_1976,
	title = {Hierarchy of Features and Ergativity},
	booktitle = {Grammatical categories in Australian languages},
	publisher = {Australian Institute of Aboriginal Studies},
	author = {Silverstein, Michael},
	editor = {Dixon, Robert M. W.},
	year = {1976}
}

@incollection{marantz_case_2000,
	title = {Case and Licensing},
	booktitle = {Arguments and Case: Explaining Burzio's Generalization},
	author = {Marantz, A.},
	editor = {Reuland, E.},
	year = {2000},
	note = {Published: Originally published in G. Westphal, B.Ao, and H.-R. Chae (eds), {ESCOL} 8},
	pages = {11–30}
}

@article{felser_perception_1998,
	title = {Perception and control: a Minimalist analysis of English direct perception complements},
	volume = {34},
	number = {2},
	journal = {Journal of Linguistics},
	author = {Felser, Claudia},
	year = {1998},
	pages = {351–385}
}

@inproceedings{werner_new_2011,
	title = {New High German so-called “unparadigmatic” interfixation as a matter of paradigmaticity},
	publisher = {Presented at the 3rd Vienna Workshop on Affix Order},
	author = {Werner, Martina},
	year = {2011}
}

@article{svenonius_position_2008,
	title = {The position of adjectives and other phrasal modifiers in the decomposition of {DP}},
	journal = {Adjectives and adverbs: syntax, semantics, and discourse},
	author = {Svenonius, Peter},
	year = {2008},
	pages = {16–42}
}

@book{borer_structuring_2005-1,
	title = {Structuring Sense: Volume I: In Name Only},
	volume = {1},
	publisher = {Oxford University Press, {USA}},
	author = {Borer, Hagit},
	year = {2005}
}

@incollection{zeller_lexical_2001,
	address = {Berlin/New York},
	title = {Lexical particles, semi-lexical postpositions},
	booktitle = {Semi-lexical categories},
	publisher = {Mouton de Gruyter},
	author = {Zeller, Jochen},
	editor = {Corver, Norbert and Riemsdijk, Henk van},
	year = {2001},
	pages = {505–49}
}

@article{cummins_null_2004,
	title = {Null objects in French and English},
	volume = {258},
	journal = {Amsterdam Studies in the Theory and History of Linguistic Science Series 4},
	author = {Cummins, Sarah and Roberge, Yves},
	year = {2004},
	pages = {121–138}
}

@incollection{toivonen_swedish_2002,
	address = {Berlin},
	title = {Swedish particles and syntactic projection},
	volume = {1},
	publisher = {Mouton de Gruyter},
	author = {Toivonen, I.},
	editor = {Dehé, Nicole and Jackendoff, Ray and McIntyre, Andrew and Urban, Silke},
	year = {2002},
	pages = {191–209}
}

@unpublished{ramchand_paths_2013,
	title = {Paths},
	author = {Ramchand, Gillian},
	year = {2013},
	note = {Presented at {GLOW} 36 in Lund, Sweden}
}

@article{wennerstrom_focus_1993,
	title = {Focus on the prefix: evidence for word-internal prosodic words},
	volume = {10},
	issn = {1469-8188},
	number = {02},
	journal = {Phonology},
	author = {Wennerstrom, Ann},
	year = {1993},
	pages = {309–324}
}

@article{wunderlich_how_1991,
	title = {How do prepositional phrases fit into compositional syntax and semantics},
	volume = {29},
	journal = {Linguistics},
	author = {Wunderlich, Dieter},
	year = {1991},
	pages = {591–621}
}

@article{michel_quantitative_2011,
	title = {Quantitative analysis of culture using millions of digitized books},
	volume = {331},
	number = {6014},
	journal = {Science},
	author = {Michel, Jean-Baptiste and Shen, Yuan Kui and Aiden, Aviva Presser and Veres, Adrian and Gray, Matthew K and Pickett, Joseph P and Hoiberg, Dale and Clancy, Dan and Norvig, Peter and Orwant, Jon and {others}},
	year = {2011},
	pages = {176–182}
}

@incollection{christodoulou_function_2012,
	title = {Function without content: Evidence from Greek Subjunctive na},
	booktitle = {Towards a Biolinguistic Understanding of Grammar: Essays on Interfaces},
	publisher = {John Benjamins},
	author = {Christodoulou, Christiana and Wiltschko, Martina},
	editor = {Sciullo, Anne-Marie Di},
	year = {2012}
}

@article{roodenburg_french_2004,
	title = {French Bare Arguments Are Not Extinct: The Case of Coordinated Bare Nouns},
	volume = {35},
	issn = {0024-3892},
	url = {http://dx.doi.org/10.1162/002438904323019093},
	doi = {10.1162/002438904323019093},
	number = {2},
	journal = {Linguistic Inquiry},
	author = {Roodenburg, Jasper},
	month = apr,
	year = {2004},
	pages = {301–313},
	annote = {doi: 10.1162/002438904323019093},
	annote = {doi: 10.1162/002438904323019093}
}

@incollection{vikner_object_2007,
	title = {Object shift},
	booktitle = {The Blackwell Companion to Syntax},
	publisher = {Wiley Online Library},
	author = {Vikner, S.},
	editor = {Everaert, Martin and Riemsdijk, Henk van},
	year = {2007},
	pages = {392–436}
}

@article{matushansky_head_2006,
	title = {Head movement in linguistic theory},
	volume = {37},
	number = {1},
	journal = {Linguistic Inquiry},
	author = {Matushansky, Ora},
	year = {2006},
	pages = {69–109}
}

@phdthesis{milway_pulling_2013-4,
	title = {Pulling up grounds and holding figures back: On the syntax and semantics of ground promotion and figure retention particle verbs},
	school = {University of Toronto},
	author = {Milway, Daniel},
	year = {2013}
}

@inproceedings{pedersen_implicit_2011,
	title = {Implicit Arguments, Paychecks and Variable-Free Semantics},
	booktitle = {Proceedings of {SALT} 21},
	author = {Pedersen, Walter A.},
	year = {2011},
	pages = {155–175}
}

@article{halle_distributed_1993,
	title = {Distributed morphology and the pieces of inflection},
	volume = {20},
	journal = {The view from Building},
	author = {Halle, Morris and Marantz, Alec},
	year = {1993},
	pages = {111–176}
}

@book{robinson_whose_2001,
	address = {Philadelphia},
	title = {Whose German?: The Ach/ich Alternation and Related Phenomena in Standard and Colloquial},
	volume = {208},
	publisher = {John Benjamins},
	author = {Robinson, Orrin W},
	year = {2001}
}

@book{craig_structure_1977,
	address = {Austin},
	title = {The Structure of Jacaltec},
	publisher = {University of Texas Press},
	author = {Craig, Colette Grinevald},
	year = {1977},
	keywords = {Jakaltek}
}

@article{hoekstra_unergatives_1990,
	title = {Unergatives as copular verbs; Locational and existential predication},
	volume = {7},
	journal = {The Linguistic Review},
	author = {Hoekstra, Teun and Mulder, René},
	year = {1990},
	pages = {1—79}
}

@book{nevins_locality_2010,
	address = {Cambridge, {MA}},
	title = {Locality in Vowel Harmony},
	publisher = {{MIT} Press},
	author = {Nevins, Andrew},
	year = {2010}
}

@article{huang_distribution_1984,
	title = {On the distribution and reference of empty pronouns},
	journal = {Linguistic inquiry},
	author = {Huang, C-T James},
	year = {1984},
	pages = {531–574}
}

@incollection{bjorkman_inflectional_2013,
	title = {Inflectional shells and the syntax of cusative {\textbackslash}textbackslashtextit\{have\}},
	booktitle = {Proceedings of the 2013 annual conference of the \{Canadian\} \{Linguistic\} \{Association\}},
	author = {Bjorkman, Bronwyn M. and Cowper, Elizabeth},
	year = {2013}
}

@unpublished{coon_taking_2012,
	title = {Taking ‘ergativity’ out of split ergativity: A structural account of aspect and person splits},
	author = {Coon, Jessica and Preminger, Omer},
	year = {2012},
	note = {Ms. {McGill} University, Syracuse University}
}

@incollection{baker_macroparameter_2008,
	title = {The macroparameter in a microparametric world},
	booktitle = {The limits of syntactic variation},
	publisher = {John Benjamins Publishing Company},
	author = {Baker, M.},
	editor = {Biberauer, Theresa},
	year = {2008}
}

@incollection{kratzer_severing_1996,
	address = {Dordrecht},
	title = {Severing the external argument from its verb},
	booktitle = {Phrase structure and the lexicon},
	publisher = {Kluwer},
	author = {Kratzer, Angelika},
	editor = {Rooryck, J. and Zaring, L.},
	year = {1996},
	pages = {109–137}
}

@article{swart_bare_2007,
	title = {Bare nominals and reference to capacities},
	volume = {25},
	issn = {0167-806X},
	url = {http://dx.doi.org/10.1007/s11049-006-9007-4},
	doi = {10.1007/s11049-006-9007-4},
	language = {English},
	number = {1},
	journal = {Natural Language \& Linguistic Theory},
	author = {Swart, Henriëtte and Winter, Yoad and Zwarts, Joost},
	year = {2007},
	keywords = {Bare nominal, Capacity, {DP} structure, indefinite, Number, Predication},
	pages = {195–222}
}

@book{ramchand_aspect_1997,
	address = {Oxford},
	title = {Aspect and Predication: The Semantics of Argument Structure},
	publisher = {Oxford University Press},
	author = {Ramchand, Gillian},
	year = {1997}
}

@book{baker_polysynthesis_1996,
	address = {Oxford},
	title = {The Polysynthesis Parameter},
	publisher = {Oxford University Press},
	author = {Baker, Mark},
	year = {1996}
}

@article{cook_chilcotin_1993,
	title = {Chilcotin flattening and autosegmental phonology},
	volume = {91},
	number = {2},
	journal = {Lingua},
	author = {Cook, Eung-Do},
	year = {1993},
	pages = {149–174}
}

@book{aikhenvald_evidentiality_2004,
	address = {Oxford},
	title = {Evidentiality},
	publisher = {Oxford University Press},
	author = {Aikhenvald, Alexandra Yurievna},
	year = {2004}
}

@phdthesis{mcfadden_position_2004,
	title = {The position of morphological case in the derivation},
	school = {University of Pennsylvania},
	author = {McFadden, Thomas},
	year = {2004}
}

@article{kamp_prototype_1995,
	title = {Prototype theory and compositionality},
	volume = {57},
	journal = {Cognition},
	author = {Kamp, Hans and Partee, Barbara},
	year = {1995},
	pages = {129–191}
}

@unpublished{chomsky_phases_2005,
	title = {On Phases},
	author = {Chomsky, Noam},
	year = {2005},
	note = {ms. {MIT}.}
}

@book{hall_ubungsgrammatik_2001,
	series = {Deutsch als Fremdsprache},
	title = {Übungsgrammatik für Fortgeschrittene: Deutsch als Fremdsprache},
	isbn = {9783190074488},
	url = {http://books.google.com/books?id=3LZvQgAACAAJ},
	publisher = {M. Hueber},
	author = {Hall, K. and Scheiner, B.},
	year = {2001}
}

@book{chomsky_logical_1975,
	address = {New York},
	title = {Logical Structure of Linguistic Theory},
	publisher = {Plenum Press},
	author = {Chomsky, Noam},
	year = {1975}
}

@unpublished{hall_phonology_2006,
	title = {The Phonology of German},
	url = {http://www.indiana.edu/ lingdept/phono/pdfs/THall03.pdf},
	author = {Hall, Tracy Allen},
	year = {2006},
	note = {Lecture Notes}
}

@article{cinque_cartography_2008,
	title = {The cartography of syntactic structures},
	volume = {2},
	journal = {Studies in Linguistics},
	author = {Cinque, Guglielmo and Rizzi, Luigi},
	year = {2008},
	pages = {42–58}
}

@inproceedings{iten_null_2005,
	title = {Null Complements: Licensed by Syntax or by Semantics-Pragmatics?},
	booktitle = {{CLA} Annual Conference Proceedings},
	author = {Iten, Corinne and Junker, M-O and Pyke, Aryn and Stainton, Robert J and Wearking, Catherine},
	year = {2005},
	pages = {1–15}
}

@article{harley_person_2002,
	title = {Person and number in pronouns: A feature-geometric analysis},
	volume = {78},
	number = {3},
	journal = {Language},
	author = {Harley, Heidi and Ritter, Elizabeth},
	year = {2002},
	pages = {482–526}
}

@incollection{kratzer_telicity_2004,
	title = {Telicity and the Meaning of Objective Case},
	booktitle = {The Syntax of Time},
	publisher = {{MIT} Press},
	author = {Kratzer, Angelika},
	editor = {Guéron, Jacqueline and Lecarme, Jacqueline},
	year = {2004}
}

@incollection{chomsky_minimalist_1993,
	address = {Cambridge, {MA}},
	title = {A minimalist program for linguistic theory},
	booktitle = {The view from building 20},
	publisher = {{MIT} Press},
	author = {Chomsky, Noam},
	editor = {Hale, Kenneth and Keyser, Samuel Jay},
	year = {1993}
}

@book{den_dikken_particles:_1995,
	title = {Particles: On the syntax of verb-particle, triadic, and causative constructions},
	publisher = {Oxford University Press, {USA}},
	author = {Den Dikken, M.},
	year = {1995}
}

@article{mcintyre_event_2004,
	title = {Event Paths, Conflation, Argument Structure, and {VP} Shells},
	volume = {42},
	journal = {Linguistics},
	author = {McIntyre, Andrew},
	year = {2004},
	pages = {523–571}
}

@unpublished{svenonius_structural_2012,
	title = {Structural Decomposition of Spatial Adpositions},
	author = {Svenonius, Peter},
	year = {2012},
	note = {Presented at The Meaning of P, Ruhr Universität Bochum}
}

@book{li_tungusic_1996,
	title = {Tungusic Vowel Harmony. Description and Analysis},
	publisher = {{HIL} Dissertations nr. 18. Holland Academic Graphics},
	author = {Li, Bing},
	year = {1996}
}

@unpublished{svenonius_verb-particle_1996,
	title = {The Verb-Particle Alternation in the Scandinavian Languages},
	author = {Svenonius, Peter},
	year = {1996},
	note = {Ms. University of Tromsø}
}

@article{engelberg_intransitive_2002,
	title = {Intransitive Accomplishments and the Lexicon: The Role of Implicit Arguments, Definiteness, and Reflexivity in Aspectual Composition},
	volume = {19},
	journal = {Journal of Semantics},
	author = {Engelberg, Stefan},
	year = {2002},
	pages = {369–416}
}

@article{cheng_classifier_2012,
	title = {Classifier and {DP}},
	volume = {43},
	number = {4},
	journal = {Linguistic Inquiry},
	author = {Cheng, Lisa Lai-Shen and Sybesma, Rint},
	year = {2012},
	pages = {634–650}
}

@article{cheng_bare_1999,
	title = {Bare and not-so-bare nouns and the structure of {NP}},
	volume = {30},
	number = {4},
	journal = {Linguistic Inquiry},
	author = {Cheng, Lisa Lai-Shen and Sybesma, Rint},
	year = {1999},
	pages = {509–542}
}

@article{deal_ergative_2010,
	title = {Ergative Case and the Transitive Subject: A View from Nez Perce},
	volume = {28},
	number = {1},
	journal = {Natural Language and Linguistic Inquiry},
	author = {Deal, Amy Rose},
	year = {2010},
	pages = {73–120}
}

@article{smirnova_evidentiality_2012,
	title = {Evidentiality in Bulgarian: Temporality, Epistemic Modality, and Information Source},
	volume = {Advance Access},
	journal = {Journal of Semantics},
	author = {Smirnova, Anastasia},
	year = {2012},
	note = {doi:10.1093/jos/ffs017}
}

@book{dehe_particle_2002,
	address = {Philadelphia},
	series = {Linguistik Aktuell},
	title = {Particle verbs in English: Syntax, information structure, and intonation},
	volume = {59},
	publisher = {John Benjamins Publishing Company},
	author = {Dehé, Nicole},
	year = {2002}
}

@incollection{gilmour_evidentials_2010,
	title = {Evidentials and Parasitic Irony: Activating the Illocution-Proposition Distinction},
	booktitle = {Evidence from Evidentials},
	author = {Gilmour, Drew and Gonzales, Ashleigh and Louie, Meagan},
	editor = {Peterson, Tyler and Sauerland, Uli},
	year = {2010},
	pages = {75–88}
}

@unpublished{milway_pulling_2013-5,
	title = {Pulling up Grounds and holding figures back: On the syntax and semantics of ground promotion and figure retention particle verbs},
	author = {Milway, Daniel},
	year = {2013},
	note = {{MA} Forum Paper, University of Toronto}
}

@incollection{tomlin_information_1992,
	address = {Philadelphia},
	title = {Information Distribution in Ojibwa},
	booktitle = {Pragmatics of Word Order Flexibility},
	publisher = {John Benjamins},
	author = {Tomlin, Russell S. and Rhodes, Richard A.},
	editor = {Payne, D. L.},
	year = {1992}
}

@article{zeller_locative_2013,
	title = {Locative inversion in Bantu and predication},
	volume = {51},
	number = {6},
	journal = {Linguistics},
	author = {Zeller, Jochen},
	year = {2013},
	pages = {1107–1146}
}

@article{zwarts_prepositional_2005,
	title = {Prepositional Aspect and the Algebra of Paths},
	volume = {28},
	journal = {Linguistics and Philosophy},
	author = {Zwarts, Joost},
	year = {2005},
	pages = {739–779}
}

@article{jackendoff_babe_1992,
	title = {Babe Ruth Homered His Way into the Hearts of {America}},
	volume = {26},
	journal = {Syntax and Semantics},
	author = {Jackendoff, Ray},
	year = {1992},
	pages = {155---178}
}

@article{marantz_way-construction_1992,
	title = {The Way-construction and the semantics of direct arguments in {English}: A reply to {Jackendoff}},
	volume = {26},
	journal = {Syntax and Semantics},
	author = {Marantz, Alec},
	year = {1992},
	pages = {179---188}
}

@article{lakoff_ross_1976,
  title = {Why you can't do so into the sink},
  volume = {7},
  journal = {Syntax and Semantics},
  author = {George Lakoff and John Robert Ross},
  year = {1976},
  pages = {101--111}
}

@book{tungseth2008verbal,
  title={Verbal prepositions and argument structure: Path, place and possession in {Norwegian}},
  author={Tungseth, Mai Ellin},
  volume={121},
  year={2008},
  publisher={John Benjamins Publishing}
}

@incollection{tungseth2005pp,
  title={{PP}, {FP} and the telic/atelic distinction in {Norwegian} motion constructions},
  author={Tungseth, Mai},
  booktitle={Aspectual inquiries},
  pages={147--168},
  year={2005},
  publisher={Springer}
}

@phdthesis{tungseth2006verbal,
  title={Verbal prepositions in {Norwegian}. Paths, places and possession},
  author={Tungseth, Mai Ellin},
  year={2006},
  school={Universitetet i Troms{\o}}
}

@book{collins1996local,
  title={Local Economy},
  year={1996},
  author={Chris Collins},
  publisher={MIT Press},
  address={Cambridge}
}

@article{bach1986algebra,
  title={The algebra of events},
  author={Bach, Emmon},
  journal={Linguistics and philosophy},
  volume={9},
  number={1},
  pages={5--16},
  year={1986},
  publisher={Springer}
}

@inproceedings{harley2005how,
  title={How do verbs get their names? Denominal verbs, manner incorporation, and the ontology of verb roots in {English}},
  author={Harley, Heidi},
  booktitle={The syntax of aspect},
  year={2005},
  organization={Citeseer}
}

@book{grewendorf_ergativity_1989,
  title={Ergativity in {German}},
  author={Grewendorf, G{\"u}nther},
  volume={35},
  year={1989},
  publisher={Walter de Gruyter}
}

@article{folli2006licensing,
  title={On the licensing of causatives of directed motion: Waltzing {Matilda} all over},
  author={Folli, Raffaella and Harley, Heidi},
  journal={Studia Linguistica},
  volume={60},
  number={2},
  pages={121--155},
  year={2006},
  publisher={Wiley Online Library}
}

@inproceedings{whelpton2007building,
  title={Building resultatives in {Icelandic}},
  author={Whelpton, Matthew},
  booktitle={Proceedings of the 34th Western Conference on Linguistics},
  volume={17},
  pages={478--486},
  year={2007}
}

@article{chomsky2013problems,
  title={Problems of projection},
  author={Noam Chomsky},
  journal={Lingua},
  volume={130},
  pages={33--49},
  year={2013},
  publisher={Elsevier}
}

@misc{chomsky2014problems,
  author={Noam Chomsky},
  title={Problems of projection: Extensions},
  howpublished={{OLINCO} Plenary lecture \url{www.youtube.com/watch?v=Icv\_sCsIu6A}},
  year={2014},
  note={Accessed 1 December 2014}
}

@phdthesis{abels2003successive,
  title={Successive cyclicity, anti-locality, and adposition stranding},
  author={Klaus Abels},
  year={2003},
  school={University of Connecticut}
}

@article{roberge2013preposition,
  title={Preposition Stranding and \textit{que}-deletion in Varieties of {North American French}.},
  author={Yves Roberge and Nicole Rosen},
  journal={Linguistica atlantica},
  volume={21},
  pages={153--168},
  year={2013}
}
@incollection{rooryck1996prepositions,
  title={Prepositions and minimalist case marking},
  author={Rooryck, Johan},
  booktitle={Studies in comparative Germanic syntax},
  volume={2},
  pages={226--256},
  year={1996},
  editor={H{\"o}skuldur Thr{\'a}insson and Samuel David Epstein and Steve Peter},
  publisher={Kluwer},
  address={Dordrecht}
}

@book{postal1974raising,
  title={On Raising: One Rule of {English} Grammar and Its Theoretical Implications},
  author={Paul Postal},
  year={1974},
  publisher={MIT Press},
  address={Cambridge}
}

